@online{@CloudTypes,
	Lastchecked = {Samstag, 25. April 2020},
	Title = {Standortbasierte Dienste},
	Organization = {Universität Osnabrück},
	Url = {https://www.uos.de},
	Urldate = {2020-04-25},
	Label = {@Sbd}
},